@misc{oleg-blog,
  author = {Oleg Grenrus},
  title = {Finding correct (lens) laws},
  url = {http://oleg.fi/gists/posts/2018-12-12-find-correct-laws.html},
  note = {Accessed: December 14, 2018}
}

